<collection xmlns="http://www.loc.gov/MARC21/slim">
<record>
  <leader>01047nam0a22002651i 450 </leader>
  <controlfield tag="001">IT\ICCU\CNCE\036090</controlfield>
  <controlfield tag="005">19991207000000.0</controlfield>
  <datafield tag="100" ind1=" " ind2=" ">
    <subfield code="a">19980119d1557        0itac0103    ba</subfield>
  </datafield>
  <datafield tag="101" ind1=" " ind2=" ">
    <subfield code="a">LAT</subfield>
  </datafield>
  <datafield tag="102" ind1=" " ind2=" ">
    <subfield code="a">IT</subfield>
  </datafield>
  <datafield tag="200" ind1="1" ind2=" ">
    <subfield code="a">Epitome pontificum Romanorum a S. Petro vsque ad Paulum IIII</subfield>
  </datafield>
  <datafield tag="210" ind1=" " ind2=" ">
    <subfield code="a">Venezia</subfield>
    <subfield code="c">Mantuani tip.</subfield>
    <subfield code="d">1557</subfield>
  </datafield>
  <datafield tag="215" ind1=" " ind2=" ">
    <subfield code="a">\428! p.</subfield>
    <subfield code="d">fol.</subfield>
    <subfield code="e">indice</subfield>
  </datafield>
  <datafield tag="300" ind1=" " ind2=" ">
    <subfield code="a">E&apos; LA 34274</subfield>
  </datafield>
  <datafield tag="620" ind1=" " ind2=" ">
    <subfield code="a">IT</subfield>
    <subfield code="d">Venezia</subfield>
  </datafield>
  <datafield tag="700" ind1=" " ind2="1">
    <subfield code="a">Panvinio,</subfield>
    <subfield code="b">Onofrio</subfield>
    <subfield code="3">IT\ICCU\CNCA\003137</subfield>
  </datafield>
  <datafield tag="712" ind1="0" ind2="0">
    <subfield code="a">Mantovano, Paride</subfield>
    <subfield code="3">IT\ICCU\CNCT\001675</subfield>
    <subfield code="4">650</subfield>
  </datafield>
  <datafield tag="790" ind1=" " ind2="1">
    <subfield code="a">Panvinius,</subfield>
    <subfield code="b">Onuphrius</subfield>
    <subfield code="3">IT\ICCU\CNCA\014680</subfield>
    <subfield code="z">Panvinio, Onofrio</subfield>
  </datafield>
  <datafield tag="791" ind1="0" ind2="2">
    <subfield code="a">Paride Mantovano</subfield>
    <subfield code="3">IT\ICCU\CNCT\002736</subfield>
    <subfield code="z">Mantovano, Paride</subfield>
  </datafield>
  <datafield tag="791" ind1="0" ind2="2">
    <subfield code="a">Fortunato</subfield>
    <subfield code="3">IT\ICCU\CNCT\002995</subfield>
    <subfield code="z">Mantovano, Paride</subfield>
  </datafield>
  <datafield tag="791" ind1="0" ind2="0">
    <subfield code="a">Mantuano, Paris</subfield>
    <subfield code="3">IT\ICCU\CNCT\005009</subfield>
    <subfield code="z">Mantovano, Paride</subfield>
  </datafield>
  <datafield tag="791" ind1="0" ind2="0">
    <subfield code="a">Mantoano, Paris</subfield>
    <subfield code="3">IT\ICCU\CNCT\005010</subfield>
    <subfield code="z">Mantovano, Paride</subfield>
  </datafield>
  <datafield tag="791" ind1="0" ind2="2">
    <subfield code="a">Fortunato Mantovano</subfield>
    <subfield code="3">IT\ICCU\CNCT\005011</subfield>
    <subfield code="z">Mantovano, Paride</subfield>
  </datafield>
  <datafield tag="801" ind1=" " ind2="3">
    <subfield code="a">IT</subfield>
    <subfield code="b">ICCU</subfield>
    <subfield code="c">20201114</subfield>
  </datafield>
  <datafield tag="899" ind1=" " ind2=" ">
    <subfield code="a">Biblioteca Egidiana. Tolentino</subfield>
    <subfield code="1">MC0083</subfield>
    <subfield code="2">UMC BE</subfield>
  </datafield>
</record>
</collection>
